@article{paper1,
  author = {Conway and MelvinE.},
  title = {Design of a Separable Transition-diagram Compiler},
  journal = {Communications of the ACM. ACM.},
  issue_date = {July 1963},
  volume = {6},
  number = {7},
  month = jul,
  year = {1963},
  pages = {396--408},
  doi = {10.1145/366663.366704},
}
@Online{repo1,
  author = {carllerche and alexcrichton and Darksonn and ipetkov and hawkw},
  title = {Tokio},
  url = {https://tokio.rs/},
}
